@book{ortolani,
    author = {F. Ortolani},
    title = {Appunti di Metodi Matematici}
}

@book{schuller,
    author = {F. Schuller},
    title = {Lectures on the Geometric Anatomy of Theoretical Physics}
}
